@Unpublished{   btxdoc,
   author = "Oren Patashnik",
   title = "{BibTeXing}",
   note = "{Documentation for general BibTeX users, si pu\`o trovare su Attila in /usr/local/teTeX/doc/bibtex\ldots}",
   month = feb,
   year = 1988
}

