@Book{		  sanvitale,
  author	= "{F. Barocelli (a cura di)}",
  title		= "{La Chiesa di San Vitale, il monumento ritrovato}",
  address	= "Milano",
  publisher	= "Mazzotta",
  month		= jun,
  year		= 2005,
  isbn          = "88-202-1763-5"
}

@InProceedings{     puprobe,
  title         = "{On the Use of a \emph{P-U} Sound Intensity Probe for the Qualification of Complex Surface Properties}",
  author        = "P. Bonfiglio AND N. Prodi AND F. Pompoli AND A. Farina",
  booktitle     = "{13$^\textrm{th}$ ICSV}",
  address       = "Vienna",
  month         = jul,
  year          = 2006
}

@InProceedings{    computersim,
  title         = "{Computer Simulation af Binaural, Stereo-Dipole, B-Format and Ambiophonics Impulse Responses}",
  author        = "A. Farina AND L. Tronchin",
  booktitle     = "{ICA-2001}",
  address       = "Roma",
  month         = sep,
  year          = 2001
}

@InProceedings{    aqt,
  title         = "{\emph{AQT} - A New Objective Measurement of the Acoustical Quality of Sound Reproduction in Small Compartements}",
  author        = "A. Farina AND G. Cibelli AND A. Bellini",
  booktitle     = "{110$^\textrm{th}$ AES}",
  address       = "Amsterdam",
  month         = may,
  year          = 2001
}

@MastersThesis{   ambisonic2ord,
  author        = "P. S. Cotterell",
  title         = "{On the Theory of the Second-Order Soubdfield Microphone }",
  school        = "University of Reading - Instrumentation and Signal Processing Group, 
                   Departement of Cybernetics",
  month         = feb,
  year          = 2002
}

@InProceedings{         waveletir,
  title         = "{ Synthesis of Room Impulse Response Based on the Discrete Wavelet Transform }",
  author        = "H. Lopacz AND P. Kleczkowski",
  booktitle     = "{109$^\textrm{th}$ AES Convention}",
  address       = "Los Angeles",
  month         = sep,
  year          = 2000
}

@InProceedings{   miami95,
  title         = "{MIAMI: A Taxonomy of Multimodal Interaction in the Human Information Processing System }",
  author        = "{L. Schomaker et al.}",
  booktitle     = "{Esprit Project 8579}",
  website       = "www.ai.rug.nl/{$\sim$}lambert/projects/miami/taxonomy/taxonomy.html",
  month         = feb,
  year          = 1995
}

@Book{		  mdaa,
  author	= "{R. Spagnolo (a cura di)}",
  title		= "{Manuale di acustica applicata}",
  address	= "Torino, Italy",
  publisher	= "UTET",
  month		= jan,
  edition          =  3,
  year		= 2005,
  isbn          = "88-7750-710-1"
}

@Book{		  amea,
  author	= "{S. Cingolani e R. Spagnolo (a cura di)}",
  title		= "{Acustica musicale e architettonica}",
  address	= "Torino, Italy",
  publisher	= "UTET",
  month		= dec,
  edition          =  1,
  year		= 2005,
  isbn          = "88-7750-941-4"
}

@Book{		  sabine22,
  author	= "Wallace Clement Sabine",
  title		= "{Collected papers on acoustic}",
  address	= "Cambridge (Mass.)",
  publisher	= "Harvard University Press",
  year		= 1922,
  note          = "{Ristampa: Dover, New York, 1964}"
}

@Book{		  cremer,
  author	= "L. Cremer AND H.A. M{\"u}ller",
  title		= "{Principles and applications of room acoustic}",
  address	= "Londra, New York",
  publisher	= "Applied Science Publishers",
  year		= 1982,
}
@Book{		  norris,
  author	= "Norris, R.F.",
  title		= "{A derivation of the reverberation formula}",
  address	= "Cambridge (Mass.)",
  publisher	= "John Wiley",
  year		= 1932,
  note          = "{Appendix II in V.O.Knudsen, Architectural acoustic, pp.603-605}"
}

@Article{         millington,
  title         = "{ A modified formula for reverberation }",
  author        = "G. Millington",
  journal       = jasa,
  volume        = "4",
  pages         = "69--82",
  year          = 1932
}

@Article{         spagnolo79,
  title         = "{ Decay rate of sound in a reverberation chamber versus humidity and temperature }",
  author        = "G. Benedetto AND R. Spagnolo",
  journal       = acu,
  volume        = "41",
  pages         = "334--336",
  year          = 1979
}

@Article{         spagnolo83,
  title         = "{ A method for  correcting the reverberation times of enclosures as a function of humidity and temperature  }",
  author        = "G. Benedetto AND R. Spagnolo",
  journal       = aac,
  volume        = "16",
  pages         = "463--470",
  year          = 1983
}

@Article{         schroeder65,
  title         = "{ New method of measuring reverberation time }",
  author        = "M.R. Schroeder",
  journal       = jasa,
  volume        = "37",
  pages         = "409--415",
  year          = 1965
}

@Article{         schroeder96,
  title         = "{The ``Schroeder frequency'' revisited }",
  author        = "M. R. Schroeder",
  journal       = jasa,
  volume        = "99",
  pages         = "3240--41",
  year          = 1996
}
@Article{         jordan68,
  title         = "{ Einige Bemerkungem uber Anhall und Anfangsnachhall in Musikraumen }",
  author        = "M. Schroeder",
  journal       = aac,
  volume        = "1",
  pages         = "29--36",
  year          = 1968
}

@Book{		  morse,
  author	= "Philip McCord Morse",
  title		= "{Vibration and sound}",
  address	= "Cambridge (Mass.)",
  publisher	= "AIP for Acoust. Soc. Am.",
  year		= 1981,
  note          = "{Ristampa della II ed.,McGraw-Hill, New York, 1948}"
}

@Book{		  zanasi,
  author	= "Claudio Bonivento AND Claudio Melchiorri AND Roberto Zanasi",
  title		= "{Sistemi di controllo digitale}",
  address	= "Bologna, Italy",
  publisher	= "Progetto Leonardo",
  month		= mar,
  edition          =  3,
  year		= 1999,
  isbn          = "88-85040-96-9"
}

@Book{		  marro,
  author	= "Giovanni Marro",
  title		= "{Controlli automatici}",
  address	= "Bologna, Italy",
  publisher	= "Zanichelli",
  month		= feb,
  year		= 1997,
  isbn          = "88-08-0015-X"
}

@Manual{          dspum, 
  title         = "{DSP56F800 User Manual}",
  organization     = "Freescale Semiconductors, Inc.",
  revision       = {6.0},
  month         = jul,
  year          = 2004
}

@Manual{          dspcore, 
  title         = "{DSP56F800 16-bit Digital Signal Processor}",
  organization     = "Freescale Semiconductors, Inc.",
  revision       = {3.0},
  month         = dec,
  year          = 2003
}

@Manual{          dsptech, 
  title         = "{DSP56F803 16-bit Hybrid Controller - Technical Data}",
  organization     = "Motorola Semiconductors, Inc.",
  revision       = {13.0},
  month         = feb,
  year          = 2004
}

@Manual{          dspevb, 
  title         = "{DSP56F803 Evaluation Module - Hardware User Manual}",
  organization     = "Motorola Semiconductors, Inc.",
  revision       = {4.0},
  month         = mar,
  year          = 2003
}

@Manual{          lenze, 
  title         = "{Servo controllers 9200 series - Operating Instructions}",
  organization     = "Lenze",
  month         = may,
  year          = 1995
}

@InProceedings{   camomile,
  author        = "M.Silvestri AND R.Garziera",
  title         = "{A General-Purpose Tool for Harmonic Content Reduction of Preshaped Motion Law}",
  booktitle     = "{RAAD'04, 13$^{th}$ International Workshop on Robotics in Alpe-Adria-Danube Region}",
  address       = "Brno",
  pages         = "431--436",
  month         = jun,
  year          = 2004
}                         

@InProceedings{   aimeta,
  author        = "A.Cuccio AND R.Garziera AND S.Mauro AND P.Righettini AND R.Riva AND M.Silvestri",
  title         = "{Un linguaggio generale per la descrizione di leggi di moto}",
  booktitle     = "{XIV AIMETA}",
  address       = "Como",
  month         = oct,
  year          = 1999}                         


@Book{		  chen,
  author	= "F. Y. Chen",
  title		= "{Mechanics and Design of Cam Mechanism}",
  address	= "New York",
  publisher	= "Pergamon Press, Inc.",
  year		= 1982
}

@Book{		  cv1,
  author	= "Rangachar Kasuri AND Ramesh C. Jain",
  title		= "{Computer Vision: advances and applications}",
  address	= "Los Alamitos, California, USA",
  publisher	= "IEEE Computer Society Press",
  edition	= "Third",
  month         = dec,
  year		= 1993
}


@Manual{          comsol, 
  title         = "{ Comsol Multiphysics User's Guide}",
  organization     = "Comsol AB.",
  year          = 2005
}


@Manual{          maxan862, 
  title         = "{ HFAN-08.1: Thermal Considerations of QFN and Other Exposed-Paddle Packages}",
  organization     = "Maxim/Dallas Semiconductors",
  appnote       = 862,
  website       = "www.maxim-ic.com/an862",
  month         = jan,
  year          = 2002
}

@Manual{          maxan1832, 
  title         = "{Power Supply Engineer's Guide to Calculate Dissipation for MOSFETs in High-Power Supplies}",
  organization     = "Maxim/Dallas Semiconductors",
  appnote       = 1832,
  website       = "www.maxim-ic.com/an1832",
  month         = dec,
  year          = 2002
}

@Manual{          maxan3500, 
  title         = "{Monitor Heat Dissipation in Electronic Systems by Measuring Active Component Die Temperature}",
  organization     = "Maxim/Dallas Semiconductors",
  appnote       = 3500,
  website       = "www.maxim-ic.com/an3500",
  month         = mar,
  year          = 2005
}


@Article{         mishra04,
  title         = "{ The Temperature Ratings Of Electronic Parts }",
  author        = "R. Mishra AND M. Keimasi AND D. Das",
  journal       = "Electronics Cooling",
  website       = "www.electronics-cooling.com/2004\_february\_a2.html",
  month         = feb,
  year          = 2004
}

@Article{         ellsworth05,
  title         = "{ High Powered Chip Cooling - Air and Beyond }",
  author        = "M. J. Ellsworth, Jr. AND R. E. Simons",
  journal       = "Electronics Cooling",
  website       = "www.electronics-cooling.com/2005\_august\_article1.html",
  month         = aug,
  year          = 2005
}

@Article{         lasance05,
  title         = "{ Metals For Thin Wires ? Criteria Of Choice }",
  author        = "C. J. M. Lasance",
  journal       = "Electronics Cooling",
  website       = "www.electronics-cooling.com/2005\_august\_techdata.html",
  month         = aug,
  year          = 2005
}

@Article{         joiner06,
  title         = "{ Integrated Circuit Package Types And Thermal Characteristics }",
  author        = "B. Joiner. AND S. Neelakantan",
  journal       = "Electronics Cooling",
  website       = "www.electronics-cooling.com/2006\_feb\_a1.html",
  month         = feb,
  year          = 2006
}

@Article{         frear99,
  title         = "{ Materials Issues in Area-Array Microelectronic Packaging }",
  author        = "D.R. Frear",
  journal       = "JOM",
  volume        = "51",
  pages         = "22--27",
  month         = mar,
  year          = 1999,
  website       = "www.tms.org/pubs/journals/JOM/jom.html"
}

@Book{		  heat,
  author	= "F. P. Incropera AND D. P. DeWitt",
  title		= "{ Fundamentals of Heat and Mass Transfer }",
  publisher	= "John Wiley \& Sons",
  address       = "New York",
  edition	= "Fourth",
  year		= 1995
}

@InProceedings{   chow02,
  author        = "H.C.Chow AND I.C.Wey",
  title         = "{A 3.3V 1GHz High Speed Pipelined Booth Multiplier}",
  booktitle     = "{IEEE International Symp. on Circuits and Systems}",
  volume        = "1",
  pages         = "457--460",
  month         = jul,
  year          = 2002
}                         



@Article{         wang00,
  title         = "{Design of a 3V 300MHz Low-Power 8-b $\times$ 8-b Pipelined Multiplier Using Pulse-Triggered TSPC Flip-Flops}",
  author        = "J.S.Wang AND P.H.Yang AND D.Sheng",
  journal       = ieeejssc,
  volume        = "35",
  pages         = "583--592",
  month         = apr,
  year          = 2000
}

@InProceedings{   wang98,
  author        = "J.S.Wang AND P.H.Yang",
  title         = "{A Pulse-Triggered TSPC Flip-Flop for High-Speed Low-Power VLSI Design Applications}",
  booktitle     = "{IEEE ISCAS}",
  pages         = "II-93--II-96",
  year          = 1998
}

@Article{         kang86,
  title         = "{Accurate Simulation of Power Dissipation in VLSI Circuits}",
  author        = "S.M.Kang",
  journal       = ieeejssc,
  volume        = "SC-21",
  pages         = "889--891",
  month         = oct,
  year          = 1986
}                         

@Article{         wang94,
  title         = "{New Efficient Design for XOR and XNOR Functions on the Transistor Level}",
  author        = "J.M.Wang AND S.C.Fang AND W.S.Feng",
  journal       = ieeejssc,
  volume        = "29",
  pages         = "780--786",
  month         = jul,
  year          = 1994
}                     

@Article{         salomon95,
  title         = "{General Algorithms for a Simplified Addition of 2's Complement Numbers}",
  author        = "O.Salomon AND J.M.Green AND H.Klar",
  journal       = ieeejssc,
  volume        = "30",
  pages         = "839--844",
  month         = jul,
  year          = 1995
}                         
    
@Article{         swartzlander96,
  title         = "{Low Power Parallel Multipliers}",
  author        = "E.De Angel AND E.E.Swartzlander",
  journal       = "VLSI Signal Processing",
  volume        = "IX",
  pages         = "199--208",
  year          = 1997
}   

@InProceedings{   fried97,
  author        = "R.Fried",
  title         = "{Minimizing Energy Dissipation in High-Speed Multipliers}",
  booktitle     = "{PATMOS'97 7$^{th}$ International Workshop Program}",
  address       = "Louvain-la-Neuve",
  month         = sep,
  year          = 1997

}

@Article{         yeh00,
  title         = "{High Speed Booth Encoded Parallel Multiplier Design}",
  author        = "W.C.Yeh AND C.W.Jei",
  journal       = ieeetc,
  volume        = "49",
  pages         = "692--701",
  month         = jul,
  year          = 2000
}                         
    



@Article{         dickmans92,
  title         = "{Recursive 3-D Road and Relative Ego-State Recognition}",
  author        = "E. D. Dickmans AND B. D. Mysliwetz",
  journal       = "ieee:pami",
  volume        = "14",
  pages         = "199--213",
  month         = may,
  year          = 1992
}

@MastersThesis{   tesi-fascal,
  author        = "Alessandra Fascioli",
  title         = "Localizzazione di ostacoli mediante elaborazione di
                  immagini stereoscopiche",
  school        = "Universit\`a degli Studi di Parma - Facolt\`a di
                  Ingegneria",
  year          = 1995
}

@TechReport{      mpi,
  author        = "{MPI Forum}",
  title         = "{MPI A Message Passing Interface Standard}",
  institution   = "University of Tennessee",
  year          = 1995,
  month         = jun
}

@Unpublished{   btxdoc,
   author = "Oren Patashnik",
   title = "{BibTeXing}",
   note = "{Documentation for general BibTeX users, si pu\`o trovare su Attila in /usr/local/teTeX/doc/bibtex\ldots}",
   month = feb,
   year = 1988
}
